 @misc{twinstick, title={Twin Stick shooting with keyboard}, howpublished={\url{https://gamedev.stackexchange.com/q/46376}}, journal={Game Development Stack Exchange}, author={chaosTechnician}, year={2012}, month={Dec}} 
 
 
  @misc{twinstick, title={Twin Stick shooting with keyboard}, howpublished={\url{https://www.arcade-museum.com/game_detail.php?game_id=9347}}, journal={Game Development Stack Exchange}, author={chaosTechnician}, year={2012}, month={Dec}} 